<?xml version="1.0" encoding="UTF-8"?><record xmlns="http://www.loc.gov/MARC21/slim" xmlns:cinclude="http://apache.org/cocoon/include/1.0" xmlns:zs="http://www.loc.gov/zing/srw/">
  <leader>00549nz  a2200169n  4500</leader>
  <controlfield tag="001">no2014018091</controlfield>
  <controlfield tag="003">DLC</controlfield>
  <controlfield tag="005">20140211073551.0</controlfield>
  <controlfield tag="008">140210n| azannaabn          |n ana     c</controlfield>
  <datafield tag="010" ind1=" " ind2=" ">
    <subfield code="a">no2014018091</subfield>
  </datafield>
  <datafield tag="035" ind1=" " ind2=" ">
    <subfield code="a">(OCoLC)oca09679996</subfield>
  </datafield>
  <datafield tag="040" ind1=" " ind2=" ">
    <subfield code="a">PSt</subfield>
    <subfield code="b">eng</subfield>
    <subfield code="e">rda</subfield>
    <subfield code="c">PSt</subfield>
  </datafield>
  <datafield tag="130" ind1=" " ind2="0">
    <subfield code="a">Wer wenn nicht wir (Motion picture)</subfield>
  </datafield>
  <datafield tag="377" ind1=" " ind2=" ">
    <subfield code="a">ger</subfield>
  </datafield>
  <datafield tag="380" ind1=" " ind2=" ">
    <subfield code="a">Motion picture</subfield>
  </datafield>
  <datafield tag="670" ind1=" " ind2=" ">
    <subfield code="a">Wer wenn nicht wir (Motion picture). Wer wenn nicht wir, 2012?:</subfield>
    <subfield code="b">title frame (Wer wenn nicht wir)</subfield>
  </datafield>
  <datafield tag="670" ind1=" " ind2=" ">
    <subfield code="a">Internet Movie Database, Feb. 10, 2014</subfield>
    <subfield code="b">(Wer wenn nicht wir (2011))</subfield>
  </datafield>
</record>